2818 4838
642 387 790 524 19Ι

166 605 341 678 eilioribus
363 605 449 693 ogit.
492 603 644 682 Quarum
662 626 777 676 rerum
803 605 935 674 indiees
958 605 1074 694 potius
1095 627 1175 694 pro·

165 719 283 810 posuit
303 739 403 809 quam
425 715 571 805 singulis
596 726 796 797 aeeuratam
823 741 969 815 operam
993 718 1179 807 impendit3

164 833 200 901 in
220 831 398 922 plerisque
427 836 542 898 autem
565 827 754 898 (insnurvu.
777 830 916 914 eitavit‘,
944 830 1001 920 qui
1028 832 1063 897 in
1085 853 1174 899 eorn-

165 945 379 1015 mentatione
408 943 453 1010 de
473 941 727 1013 Pentateucho
749 942 990 1012 Samaritano
1020 944 1063 1009 ob
1085 942 1178 1010 illius
1220 981 1228 996 x

166 1080 242 1126 enm
279 1055 416 1124 Graeoo
455 1054 688 1124 multimodam
727 1057 988 1148 eongruentiam
1021 1055 1180 1144 plurima,
1266 1057 1271 1068 '

167 1193 256 1260 quae
277 1169 345 1237 hue
365 1173 549 1256 spectant,
572 1167 755 1256 attigerat.
796 1168 853 1236 De
876 1168 1028 1236 dialecto
1051 1175 1180 1251 autem,

166 1287 209 1352 de
231 1281 449 1350 Hebraismis
481 1280 654 1349 versionis
676 1286 801 1350 neuter
822 1279 985 1370 sempsit,
1014 1281 1114 1347 nobis
1137 1303 1181 1347 ea

165 1395 302 1485 reliqua
322 1392 509 1462 facientes.
541 1390 707 1460 Nostrum
727 1393 836 1480 igitur
857 1400 934 1477 est,
962 1396 1004 1461 de
1027 1392 1180 1480 legibus,

167 1529 253 1597 quas
275 1505 509 1574 Pentateuohi
537 1504 754 1598 Interpretes
781 1503 1012 1588 Alexandrini
1039 1505 1074 1574 in
1102 1528 1179 1573 ver·
1250 1564 1255 1576 .

167 1621 273 1689 tendo
315 1617 560 1702 observarint,
607 1617 924 1687 animadversiones
966 1640 1176 1708 proponere,

168 1735 211 1802 de
252 1730 427 1816 dialecto,
472 1753 539 1823 qua
574 1731 628 1797 usi
664 1731 755 1814 sint,
801 1708 977 1800 disserere
1017 1738 1055 1799 et
1095 1754 1177 1821 quo·

167 1847 269 1913 modo
291 1867 335 1912 ea
355 1844 505 1914 dialecto
534 1848 573 1910 et
601 1866 706 1911 sensa
733 1850 771 1912 et
790 1846 898 1912 verba
919 1842 1098 1913 Heliraiaa
1119 1867 1201 1940 exp

167 1957 365 2047 presserint
386 1964 447 2023 aut
461 1955 649 2041 venerint,
672 1979 869 2045 exponere,
891 1964 930 2024 ut
951 1980 1050 2048 quarn
1071 1958 1179 2026 inter·

167 2069 332 2164 pretendi
351 2067 523 2137 rationem
544 2068 657 2136 seouti
685 2069 774 2152 sint,
804 2091 851 2138 ex
879 2071 969 2137 onrni
992 2079 1095 2160 parte
1118 2093 1178 2159 ap-

134 2239 135 2260 2
168 2163 316 2272 pareat·
348 2180 465 2272 Atque
499 2181 635 2249 illarum
662 2203 776 2250 rerum
810 2182 1066 2278 expositionem
1099 2206 1179 2271 pro·
1245 2173 1249 2184 ’
1317 2191 1320 2198 “

168 2297 276 2364 lixam
296 2317 395 2385 quum
414 2295 601 2362 habeamus
623 2294 859 2362 elucubratam
879 2296 916 2361 in
931 2296 1081 2380 salsedis,
1105 2300 1181 2382 ejus
1303 2349 1305 2356 ,

169 2410 259 2478 haee
278 2407 446 2478 voluimus
478 2428 559 2476 esse
590 2391 844 2474 rnonnuo'usrss
873 2431 937 2476 seu
959 2409 1177 2478 dissertatio·
1298 2500 1322 2515 w

170 2545 247 2591 uem
260 2519 556 2610 praeliminarem3
580 2527 617 2587 et
630 2527 822 2588 extremam
836 2520 971 2609 quidem
985 2523 1102 2610 operis
1116 2545 1176 2588 no·

172 2623 406 2724 stri'partenm
428 2655 496 2722 qua
515 2615 642 2699 abusus
663 2633 836 2701 versionis
850 2633 1111 2700 Alexandrinae
1133 2638 1179 2703 ad

173 2746 412 2815 sollicitandas
428 2751 548 2813 textus
557 2744 724 2814 Hebraiai
737 2744 911 2814 lectiones
928 2745 1055 2830 injuria
1069 2768 1178 2834 saepe

173 2860 348 2927 adhibitae
361 2858 525 2948 imprimis
548 2865 702 2943 nasetur,
724 2860 885 2928 erits'eae
900 2861 1179 2929 dissertationis
1251 2927 1254 2938 ,

173 2970 308 3041 nomine
343 2964 487 3061 jamjam
515 2993 629 3039 sumus
661 2973 806 3053 edituri3
837 2972 1064 3060 grammatica
1094 2995 1178 3041 vero

172 3107 269 3174 pars,
292 3108 359 3176 qna
380 3089 422 3154 de
438 3084 589 3160 dialecto
610 3064 783 3158 versionis
801 3085 943 3176 ejusque
961 3085 1179 3155 Hebraismis

174 3197 308 3287 agitur,
342 3199 412 3267 alio
445 3205 620 3289 tempore,
655 3195 791 3267 sillae
820 3199 960 3290 plaeet‚
996 3201 1032 3267 in
1059 3200 1195 3268 -lueem'

175 3315 334 3401 prodeat.
