2818 4838
696 326 736 464 'a

224 619 289 687 quc
311 596 493 667 videbatur
508 597 606 665 iocus
628 619 730 680 esse,
754 599 797 666 de
812 596 947 686 origine
970 607 1008 668 et
1028 602 1145 674 indole
1159 628 1236 678 ver·

223 709 332 775 sionis
348 709 609 778 Alexandrinae
632 713 728 779 etde
748 709 896 798 singulis
921 713 994 799 ejas
1012 719 1168 802 partibus
1186 721 1236 790 in.

223 823 389 910 quireudi.
421 822 537 912 Atque
561 823 794 890 Hrauournus
817 821 1069 912 Stridonensis‚
1091 832 1146 920 qui
1168 833 1237 920 pri·

166 963 170 969 ⁷
221 957 295 1000 mus
325 934 526 1003 cellularum
554 935 661 1003 LXX
693 937 750 1004 vel
776 923 941 1006 XXXVI
976 946 1014 1006 et
1041 943 1237 1014 versionum

222 1047 308 1113 miro
330 1051 431 1116 modo
445 1049 706 1136 congruentium
725 1049 906 1115 historiam
927 1053 1096 1120 mendacii
1119 1056 1237 1142 arguit

224 1160 391 1248 (prologo
405 1160 439 1226 in
453 1159 650 1245 Genesim),
672 1162 762 1230 idem
778 1161 951 1246 „Eruditi,
973 1163 1082 1253 inquit
1095 1173 1234 1250 (comm.

220 1273 256 1340 in
278 1273 404 1340 Ezech.
424 1272 513 1342 XVI
521 1299 542 1355 ,¹
556 1280 614 1356 la)
644 1275 740 1358 solos
762 1272 795 1342 V
820 1274 929 1342 lihros
951 1274 1062 1343 Musis
1084 1300 1105 1344 a
1127 1279 1234 1348 LXX

220 1385 292 1452 iliis
314 1371 567 1473 interpretaios
591 1409 671 1454 esse
694 1393 864 1474 putant,“
893 1409 1034 1477 eamque
1065 1399 1102 1458 et
1122 1392 1232 1482 ipsius

141 1541 145 1547 -
220 1499 388 1566 Aristeae
411 1506 448 1564 et
469 1497 616 1586 Josephi
641 1507 678 1567 et
700 1500 808 1566 totius
829 1497 1067 1570 Hebraeorum
1090 1505 1233 1574 scholae

215 1611 431 1680 ,sententiam
461 1634 541 1678 esse
566 1611 619 1695 (in
640 1609 769 1680 Eaech.
785 1610 837 1694 V)
869 1601 1058 1682 contendit.
1101 1618 1178 1694 Qua
1198 1619 1233 1686 in

217 1746 259 1790 re
281 1723 468 1810 theologos
490 1725 701 1790 recentioris
724 1726 854 1804 aetatis
877 1726 926 1802 ita
948 1728 1068 1794 habuit
1089 1751 1231 1806 consen·

221 1837 370 1919 tientes,
400 1844 438 1902 ut
459 1835 693 1904 Pentateuchi
721 1836 918 1917 versionem
947 1847 984 1907 et
1005 1841 1231 1929 antiquiorem

219 1960 257 2020 at
278 1951 569 2039 praestantiorem
592 1949 721 2017 ceteris
753 1949 892 2039 (quales
914 1973 1003 2038 nuno
1025 1957 1227 2042 supersunt)

192 2095 194 2110 ·
220 2065 374 2132 omnihus
390 2062 598 2148 judicarent.
1168 2057 1170 2068 ’

664 2315 700 2416 ς.
742 2319 785 2390 a.

299 2519 356 2586 An
371 2515 664 2586 pentateuchum
680 2515 788 2604 igitur
802 2516 1064 2585 controversiae
1083 2517 1227 2588 criticae

217 2637 255 2700 et
270 2631 460 2699 historicae
475 2631 553 2700 inde
569 2631 611 2697 ah
621 2629 834 2718 Humphredi
849 2627 955 2698 Hodii
969 2637 1090 2698 aetate
1102 2653 1227 2717 magna

217 2753 385 2832 exparte
409 2745 605 2826 redierunt,
629 2743 844 2811 certantibus
867 2744 978 2810 adhuc
999 2743 1082 2809 viris
1099 2743 1224 2826 doctis,

207 2851 282 2948 'quo
305 2857 335 2922 is
351 2863 520 2942 tempore,
544 2854 663 2943 quibus
680 2855 888 2938 auctoribus,
911 2855 1007 2941 cajus
1025 2858 1137 2938 jussu,
1160 2877 1225 2944 quo

216 2969 363 3040 consilio
381 2968 415 3034 in
431 2967 583 3052 linguam
597 2965 769 3034 Graecam
784 2966 979 3032 translatus
996 2973 1103 3033 esset.
1124 2965 1226 3032 Nam·

216 3105 281 3172 que
304 3079 501 3168 disputandi
528 3079 709 3146 materiam
735 3078 932 3146 nonnullam
953 3083 1049 3145 certe
1071 3078 1224 3165 posteris

211 3195 356 3285 reliquit
371 3190 596 3260 ‘admirabilis
627 3191 733 3259 Hodii
763 3190 922 3258 doctrina
955 3196 1174 3280 (quamquam
1203 3212 1226 3255 a

111 3321 115 3328 “
212 3307 350 3395 nemine
372 3328 509 3388 eorum,
533 3304 588 3394 qui
607 3314 690 3391 post
711 3305 844 3372 eumin
861 3304 928 3370 hac
950 3310 1058 3370 arena
1080 3304 1234 3382 desuda-1

231 3599 235 3610 ·
319 3578 361 3632 sis
381 3576 581 3632 commentario
600 3576 791 3632 iliustratum“
811 3577 962 3649 (Aatverp.
982 3573 1053 3631 1⁶25
1072 3574 1140 3645 rot.)
1168 3589 1223 3628 non

319 3667 410 3721 solam
430 3666 579 3723 historiam
598 3663 778 3722 Aristeaaam
797 3667 945 3738 agnoseit,
964 3663 1016 3720 aeti
1036 3665 1121 3720 etiam
1138 3663 1225 3734 inspi-

318 3763 410 3810 ratam
427 3756 587 3808 versionem
605 3752 823 3809 Alexandrinam
844 3753 998 3809 contandit.
1032 3753 1064 3806 Ia
1084 3741 1224 3806 commen·

224 3911 227 3922 ,
316 3844 389 3899 tario
418 3843 502 3898 docto
529 3850 559 3898 ct
584 3844 702 3916 egregio
722 3844 793 3910 τοὺς
813 3843 828 3904 ό
849 3843 1012 3914 frequenter
1038 3841 1144 3913 optime
1162 3841 1224 3894 ilia·

316 3939 398 3988 strat.
417 3962 452 3974 -
473 3931 582 3988 Novum
599 3933 721 4003 posthoc
739 3932 871 4000 Aristeae
888 3932 1076 4003 patrocinium
1094 3929 1223 4000 suscepit

315 4019 433 4076 Simeon
460 4020 495 4075 de
520 4020 667 4093 Magistri·
691 4021 720 4075 in
747 4020 870 4086 stitione
896 4019 1048 4092 „Baricha
1068 4017 1219 4077 secandas·
1266 4083 1269 4088 Ι

315 4111 432 4180 hXX“,
451 4107 563 4168 Romae
580 4109 651 4168 ma
669 4109 721 4165 toi.
