<?xml version="1.0" encoding="UTF-8"?>
<!DOCTYPE html PUBLIC "-//W3C//DTD XHTML 1.0 Transitional//EN"
    "http://www.w3.org/TR/xhtml1/DTD/xhtml1-transitional.dtd">
<html xmlns="http://www.w3.org/1999/xhtml" xml:lang="en" lang="en">
 <head>
  <title>
</title>
<meta http-equiv="Content-Type" content="text/html;charset=utf-8" />
  <meta name='ocr-system' content='tesseract 3.04.00' />
  <meta name='ocr-capabilities' content='ocr_page ocr_carea ocr_par ocr_line ocrx_word'/>
</head>
<body>
  <div class='ocr_page' id='page_1' title='image "./depentateuchive01thiegoog_0092.png"; bbox 0 0 2840 4846; ppageno 0'>
   <div class='ocr_carea' id='block_1_1' title="bbox 572 309 704 502">
    <p class='ocr_par' dir='ltr' id='par_1_1' title="bbox 367 309 760 502">
     <span class='ocr_line' id='line_1_1' title="bbox 572 309 704 502; baseline 0 -148"><span class='ocrx_word' id='word_1_1' title='bbox 572 309 704 502; x_wconf 55' lang='lat'><strong>²⁸³</strong></span> 
     </span>
    </p>
   </div>
   <div class='ocr_carea' id='block_1_2' title="bbox 131 581 1179 878">
    <p class='ocr_par' dir='ltr' id='par_1_2' title="bbox 131 543 1179 878">
     <span class='ocr_line' id='line_1_2' title="bbox 131 581 1179 690; baseline 0.016 -43"><span class='ocrx_word' id='word_1_2' title='bbox 131 583 258 672; x_wconf 79' lang='lat' dir='ltr'><strong>¹piem</strong></span> <span class='ocrx_word' id='word_1_3' title='bbox 278 581 326 653; x_wconf 83' lang='lat' dir='ltr'><strong>ibi</strong></span> <span class='ocrx_word' id='word_1_4' title='bbox 346 581 462 652; x_wconf 79' lang='lat' dir='ltr'><strong>latere</strong></span> <span class='ocrx_word' id='word_1_5' title='bbox 482 589 593 658; x_wconf 85' lang='lat' dir='ltr'><strong>retus</strong></span> <span class='ocrx_word' id='word_1_6' title='bbox 634 583 794 676; x_wconf 83' lang='lat' dir='ltr'><strong>Denique</strong></span> <span class='ocrx_word' id='word_1_7' title='bbox 816 585 957 690; x_wconf 77' lang='lat' dir='ltr'><strong>aliquot</strong></span> <span class='ocrx_word' id='word_1_8' title='bbox 965 589 1100 660; x_wconf 85' lang='lat' dir='ltr'><strong>abhino</strong></span> <span class='ocrx_word' id='word_1_9' title='bbox 1117 613 1179 664; x_wconf 78' lang='lat' dir='ltr'><strong>un·</strong></span> 
     </span>
     <span class='ocr_line' id='line_1_3' title="bbox 163 683 1177 806; baseline 0.01 -42"><span class='ocrx_word' id='word_1_10' title='bbox 163 696 219 764; x_wconf 83' lang='lat' dir='ltr'><strong>nis</strong></span> <span class='ocrx_word' id='word_1_11' title='bbox 240 696 400 806; x_wconf 81' lang='lat' dir='ltr'><strong>prodiit</strong></span> <span class='ocrx_word' id='word_1_12' title='bbox 390 719 426 764; x_wconf 92' lang='grc' dir='ltr'><strong>ιιι</strong></span> <span class='ocrx_word' id='word_1_13' title='bbox 437 683 558 766; x_wconf 88' lang='lat' dir='ltr'><strong>lueem</strong></span> <span class='ocrx_word' id='word_1_14' title='bbox 578 696 679 768; x_wconf 82' lang='lat' dir='ltr'><strong>Noui</strong></span> <span class='ocrx_word' id='word_1_15' title='bbox 687 698 792 788; x_wconf 84' lang='lat' dir='ltr'><strong>Teet</strong></span> <span class='ocrx_word' id='word_1_16' title='bbox 817 699 924 792; x_wconf 90' lang='lat' dir='ltr'><strong>editio</strong></span> <span class='ocrx_word' id='word_1_17' title='bbox 946 703 1070 799; x_wconf 87' lang='lat' dir='ltr'><strong>oritiea</strong></span> <span class='ocrx_word' id='word_1_18' title='bbox 1091 728 1113 774; x_wconf 85' lang='grc' dir='ltr'><strong>ιι</strong></span> <span class='ocrx_word' id='word_1_19' title='bbox 1133 705 1177 777; x_wconf 86' lang='lat' dir='ltr'><strong>ol.</strong></span> 
     </span>
     <span class='ocr_line' id='line_1_4' title="bbox 163 785 988 878; baseline 0.005 -2"><span class='ocrx_word' id='word_1_20' title='bbox 163 785 386 878; x_wconf 67' lang='lat' dir='ltr'><strong>Leciruduuo</strong></span> <span class='ocrx_word' id='word_1_21' title='bbox 409 813 619 878; x_wconf 81' lang='lat' dir='ltr'><strong>adornate</strong></span> <span class='ocrx_word' id='word_1_22' title='bbox 987 825 988 832; x_wconf 78' lang='grc'>’</span> 
     </span>
    </p>
   </div>
   <div class='ocr_carea' id='block_1_3' title="bbox 8 922 1331 1020">
    <p class='ocr_par' dir='ltr' id='par_1_3' title="bbox 8 922 1331 1020">
     <span class='ocr_line' id='line_1_5' title="bbox 8 922 1331 1020; baseline 0.019 -40"><span class='ocrx_word' id='word_1_23' title='bbox 8 947 10 956; x_wconf 43' lang='lat' dir='ltr'>v</span> <span class='ocrx_word' id='word_1_24' title='bbox 131 931 168 1010; x_wconf 56' lang='lat' dir='ltr'><em>J</em></span> <span class='ocrx_word' id='word_1_25' title='bbox 247 922 427 992; x_wconf 82' lang='lat' dir='ltr'><strong>Textum</strong></span> <span class='ocrx_word' id='word_1_26' title='bbox 417 888 1017 1019; x_wconf 83' lang='lat' dir='ltr'><strong>rneeeditorejusmodirestituere</strong></span> <span class='ocrx_word' id='word_1_27' title='bbox 1034 952 1229 1018; x_wconf 86' lang='lat' dir='ltr'><strong>opernm¹</strong></span> <span class='ocrx_word' id='word_1_28' title='bbox 1330 1007 1331 1020; x_wconf 32' lang='lat' dir='ltr'>J</span> 
     </span>
    </p>
   </div>
   <div class='ocr_carea' id='block_1_4' title="bbox 109 1011 1177 1238">
    <p class='ocr_par' dir='ltr' id='par_1_4' title="bbox 109 1011 1177 1238">
     <span class='ocr_line' id='line_1_6' title="bbox 129 1011 1177 1166; baseline 0.012 -66"><span class='ocrx_word' id='word_1_29' title='bbox 129 1093 131 1100; x_wconf 28' lang='lat' dir='ltr'><strong><em>s</em></strong></span> <span class='ocrx_word' id='word_1_30' title='bbox 164 1036 280 1120; x_wconf 86' lang='lat' dir='ltr'><strong>dedit,</strong></span> <span class='ocrx_word' id='word_1_31' title='bbox 310 1036 445 1166; x_wconf 81' lang='lat' dir='ltr'><strong>qualem</strong></span> <span class='ocrx_word' id='word_1_32' title='bbox 469 1037 623 1114; x_wconf 76' lang='lat' dir='ltr'><strong>eeclesia</strong></span> <span class='ocrx_word' id='word_1_33' title='bbox 642 1035 782 1106; x_wconf 75' lang='lat' dir='ltr'><strong>Graeca</strong></span> <span class='ocrx_word' id='word_1_34' title='bbox 800 1037 942 1128; x_wconf 74' lang='lat' dir='ltr'><strong>legerit</strong></span> <span class='ocrx_word' id='word_1_35' title='bbox 952 1011 1093 1127; x_wconf 82' lang='lat' dir='ltr'><strong>saeeulo</strong></span> <span class='ocrx_word' id='word_1_36' title='bbox 1112 1038 1177 1125; x_wconf 79' lang='lat' dir='ltr'><strong>1v;</strong></span> 
     </span>
     <span class='ocr_line' id='line_1_7' title="bbox 109 1148 1177 1238; baseline 0.007 -23"><span class='ocrx_word' id='word_1_37' title='bbox 109 1148 112 1152; x_wconf 80' lang='grc'><strong>’</strong></span> <span class='ocrx_word' id='word_1_38' title='bbox 145 1148 349 1236; x_wconf 84' lang='lat' dir='ltr'><strong>.(Bentlejo</strong></span> <span class='ocrx_word' id='word_1_39' title='bbox 378 1148 488 1236; x_wconf 87' lang='lat' dir='ltr'><strong>primo</strong></span> <span class='ocrx_word' id='word_1_40' title='bbox 518 1149 553 1216; x_wconf 91' lang='lat' dir='ltr'><strong>id</strong></span> <span class='ocrx_word' id='word_1_41' title='bbox 574 1149 709 1216; x_wconf 84' lang='lat' dir='ltr'><strong>institui</strong></span> <span class='ocrx_word' id='word_1_42' title='bbox 730 1172 836 1238; x_wconf 78' lang='lat' dir='ltr'><strong>posse</strong></span> <span class='ocrx_word' id='word_1_43' title='bbox 857 1148 1005 1220; x_wconf 68' lang='lat' dir='ltr'><strong>venerat</strong></span> <span class='ocrx_word' id='word_1_44' title='bbox 1025 1154 1062 1229; x_wconf 81' lang='lat' dir='ltr'><strong>in</strong></span> <span class='ocrx_word' id='word_1_45' title='bbox 1084 1177 1177 1222; x_wconf 91' lang='lat' dir='ltr'><strong>meu·</strong></span> 
     </span>
    </p>
   </div>
   <div class='ocr_carea' id='block_1_5' title="bbox 38 1254 1297 1467">
    <p class='ocr_par' dir='ltr' id='par_1_5' title="bbox 38 1254 1297 1467">
     <span class='ocr_line' id='line_1_8' title="bbox 38 1254 1177 1355; baseline 0.003 -23"><span class='ocrx_word' id='word_1_46' title='bbox 38 1325 41 1332; x_wconf 89' lang='lat'><em>.</em></span> <span class='ocrx_word' id='word_1_47' title='bbox 161 1267 266 1345; x_wconf 74' lang='lat' dir='ltr'><strong>tem);</strong></span> <span class='ocrx_word' id='word_1_48' title='bbox 286 1261 343 1328; x_wconf 84' lang='lat' dir='ltr'><strong>De</strong></span> <span class='ocrx_word' id='word_1_49' title='bbox 364 1260 585 1346; x_wconf 81' lang='lat' dir='ltr'><strong>lectionibus,</strong></span> <span class='ocrx_word' id='word_1_50' title='bbox 608 1265 652 1355; x_wconf 87' lang='lat' dir='ltr'><strong>ad</strong></span> <span class='ocrx_word' id='word_1_51' title='bbox 667 1254 819 1334; x_wconf 80' lang='lat' dir='ltr'><strong>oodieum</strong></span> <span class='ocrx_word' id='word_1_52' title='bbox 834 1262 1047 1334; x_wconf 75' lang='lat' dir='ltr'><strong>Graecorum</strong></span> <span class='ocrx_word' id='word_1_53' title='bbox 1065 1255 1177 1335; x_wconf 81' lang='lat' dir='ltr'><strong>orien-</strong></span> 
     </span>
     <span class='ocr_line' id='line_1_9' title="bbox 89 1372 1297 1467; baseline 0.002 -24"><span class='ocrx_word' id='word_1_54' title='bbox 89 1383 92 1390; x_wconf 86' lang='grc'><strong>’</strong></span> <span class='ocrx_word' id='word_1_55' title='bbox 161 1374 283 1442; x_wconf 85' lang='lat' dir='ltr'><strong>talium</strong></span> <span class='ocrx_word' id='word_1_56' title='bbox 294 1381 331 1450; x_wconf 83' lang='lat' dir='ltr'><strong>et</strong></span> <span class='ocrx_word' id='word_1_57' title='bbox 344 1373 487 1466; x_wconf 80' lang='lat' dir='ltr'><strong>Petrum</strong></span> <span class='ocrx_word' id='word_1_58' title='bbox 503 1374 677 1445; x_wconf 86' lang='lat' dir='ltr'><strong>ecelesiae</strong></span> <span class='ocrx_word' id='word_1_59' title='bbox 687 1373 846 1467; x_wconf 67' lang='lat' dir='ltr'><strong>(li-neree</strong></span> <span class='ocrx_word' id='word_1_60' title='bbox 859 1395 1012 1446; x_wconf 82' lang='lat' dir='ltr'><strong>normam</strong></span> <span class='ocrx_word' id='word_1_61' title='bbox 1028 1377 1177 1447; x_wconf 83' lang='lat' dir='ltr'><strong>aLaelr·</strong></span> <span class='ocrx_word' id='word_1_62' title='bbox 1250 1372 1297 1434; x_wconf 73' lang='lat'><strong>&#39;-</strong></span> 
     </span>
    </p>
   </div>
   <div class='ocr_carea' id='block_1_6' title="bbox 156 1477 1178 2140">
    <p class='ocr_par' dir='ltr' id='par_1_6' title="bbox 156 1477 1178 2140">
     <span class='ocr_line' id='line_1_10' title="bbox 160 1477 1178 1577; baseline 0.004 -21"><span class='ocrx_word' id='word_1_63' title='bbox 160 1477 287 1556; x_wconf 84' lang='lat' dir='ltr'><strong>manno</strong></span> <span class='ocrx_word' id='word_1_64' title='bbox 309 1486 487 1556; x_wconf 82' lang='lat' dir='ltr'><strong>intextum</strong></span> <span class='ocrx_word' id='word_1_65' title='bbox 508 1489 677 1577; x_wconf 76' lang='lat' dir='ltr'>receptis,</span> <span class='ocrx_word' id='word_1_66' title='bbox 697 1510 806 1576; x_wconf 78' lang='lat' dir='ltr'><strong>egere</strong></span> <span class='ocrx_word' id='word_1_67' title='bbox 828 1489 928 1572; x_wconf 87' lang='lat' dir='ltr'><strong>hujus</strong></span> <span class='ocrx_word' id='word_1_68' title='bbox 940 1489 1010 1558; x_wconf 91' lang='lat' dir='ltr'><strong>looi</strong></span> <span class='ocrx_word' id='word_1_69' title='bbox 1025 1514 1094 1558; x_wconf 94' lang='lat' dir='ltr'><strong>non</strong></span> <span class='ocrx_word' id='word_1_70' title='bbox 1110 1499 1178 1560; x_wconf 85' lang='lat' dir='ltr'><strong>est.</strong></span> 
     </span>
     <span class='ocr_line' id='line_1_11' title="bbox 156 1588 1175 1693; baseline 0.005 -26"><span class='ocrx_word' id='word_1_71' title='bbox 156 1588 300 1680; x_wconf 82' lang='lat' dir='ltr'><strong>Dieturi</strong></span> <span class='ocrx_word' id='word_1_72' title='bbox 322 1613 437 1666; x_wconf 77' lang='lat' dir='ltr'><strong>sumus</strong></span> <span class='ocrx_word' id='word_1_73' title='bbox 458 1603 557 1667; x_wconf 88' lang='lat' dir='ltr'><strong>modo</strong></span> <span class='ocrx_word' id='word_1_74' title='bbox 581 1604 623 1668; x_wconf 89' lang='lat' dir='ltr'><strong>de</strong></span> <span class='ocrx_word' id='word_1_75' title='bbox 643 1601 784 1676; x_wconf 87' lang='lat' dir='ltr'><strong>horride</strong></span> <span class='ocrx_word' id='word_1_76' title='bbox 805 1600 911 1686; x_wconf 85' lang='lat' dir='ltr'><strong>faeie,</strong></span> <span class='ocrx_word' id='word_1_77' title='bbox 935 1626 1033 1693; x_wconf 82' lang='lat' dir='ltr'><strong>quam</strong></span> <span class='ocrx_word' id='word_1_78' title='bbox 1055 1611 1175 1690; x_wconf 79' lang='lat' dir='ltr'><strong>textus</strong></span> 
     </span>
     <span class='ocr_line' id='line_1_12' title="bbox 161 1711 1176 1822; baseline 0.006 -42"><span class='ocrx_word' id='word_1_79' title='bbox 161 1711 221 1780; x_wconf 89' lang='lat' dir='ltr'><strong>ille</strong></span> <span class='ocrx_word' id='word_1_80' title='bbox 244 1711 354 1780; x_wconf 86' lang='lat' dir='ltr'><strong>induit</strong></span> <span class='ocrx_word' id='word_1_81' title='bbox 374 1733 438 1822; x_wconf 79' lang='lat' dir='ltr'><strong>per</strong></span> <span class='ocrx_word' id='word_1_82' title='bbox 460 1713 743 1800; x_wconf 78' lang='lat' dir='ltr'><strong>orthographiam</strong></span> <span class='ocrx_word' id='word_1_83' title='bbox 771 1713 815 1780; x_wconf 82' lang='lat' dir='ltr'><strong>ab</strong></span> <span class='ocrx_word' id='word_1_84' title='bbox 846 1715 980 1784; x_wconf 77' lang='lat' dir='ltr'><strong>editore</strong></span> <span class='ocrx_word' id='word_1_85' title='bbox 1002 1717 1176 1786; x_wconf 75' lang='lat' dir='ltr'><strong>introduc·</strong></span> 
     </span>
     <span class='ocr_line' id='line_1_13' title="bbox 160 1821 1176 1944; baseline 0.004 -52"><span class='ocrx_word' id='word_1_86' title='bbox 160 1832 244 1895; x_wconf 84' lang='lat' dir='ltr'><strong>tam.</strong></span> <span class='ocrx_word' id='word_1_87' title='bbox 287 1824 353 1921; x_wconf 79' lang='lat' dir='ltr'><strong>Qui</strong></span> <span class='ocrx_word' id='word_1_88' title='bbox 374 1846 453 1890; x_wconf 91' lang='lat' dir='ltr'><strong>non</strong></span> <span class='ocrx_word' id='word_1_89' title='bbox 464 1821 531 1890; x_wconf 87' lang='lat' dir='ltr'><strong>fuit</strong></span> <span class='ocrx_word' id='word_1_90' title='bbox 553 1832 737 1893; x_wconf 85' lang='lat' dir='ltr'><strong>contentus</strong></span> <span class='ocrx_word' id='word_1_91' title='bbox 755 1825 1020 1944; x_wconf 80' lang='grc' dir='ltr'>νέφέλκιστικῷ</span> <span class='ocrx_word' id='word_1_92' title='bbox 1041 1830 1176 1899; x_wconf 79' lang='lat' dir='ltr'><strong>unirer·</strong></span> 
     </span>
     <span class='ocr_line' id='line_1_14' title="bbox 161 1925 1175 2038; baseline 0.006 -34"><span class='ocrx_word' id='word_1_93' title='bbox 161 1937 474 2039; x_wconf 84' lang='lat' dir='ltr'><strong>salemeoneedere</strong></span> <span class='ocrx_word' id='word_1_94' title='bbox 487 1932 769 2038; x_wconf 81' lang='lat' dir='ltr'><strong>dominationem,</strong></span> <span class='ocrx_word' id='word_1_95' title='bbox 792 1925 979 2030; x_wconf 61' lang='lat' dir='ltr'><strong>coeletia</strong></span> <span class='ocrx_word' id='word_1_96' title='bbox 996 1949 1033 2034; x_wconf 85' lang='lat' dir='ltr'><strong>et</strong></span> <span class='ocrx_word' id='word_1_97' title='bbox 1049 1942 1175 2010; x_wconf 77' lang='lat' dir='ltr'><strong>similia</strong></span> 
     </span>
     <span class='ocr_line' id='line_1_15' title="bbox 162 2031 1176 2140; baseline 0.006 -24"><span class='ocrx_word' id='word_1_98' title='bbox 162 2052 347 2134; x_wconf 84' lang='lat' dir='ltr'><strong>seribere,</strong></span> <span class='ocrx_word' id='word_1_99' title='bbox 351 2072 419 2115; x_wconf 93' lang='lat' dir='ltr'><strong>non</strong></span> <span class='ocrx_word' id='word_1_100' title='bbox 421 2031 637 2118; x_wconf 63' lang='lat' dir='ltr'><strong>assimilata</strong></span> <span class='ocrx_word' id='word_1_101' title='bbox 656 2052 952 2140; x_wconf 75' lang='lat' dir='ltr'><strong>praepositionum</strong></span> <span class='ocrx_word' id='word_1_102' title='bbox 973 2054 1081 2123; x_wconf 81' lang='lat' dir='ltr'><strong>literd</strong></span> <span class='ocrx_word' id='word_1_103' title='bbox 1096 2056 1176 2124; x_wconf 88' lang='lat' dir='ltr'><strong>ulti-</strong></span> 
     </span>
    </p>
   </div>
   <div class='ocr_carea' id='block_1_7' title="bbox 160 2160 1346 2256">
    <p class='ocr_par' dir='ltr' id='par_1_7' title="bbox 160 2160 1346 2256">
     <span class='ocr_line' id='line_1_16' title="bbox 160 2160 1346 2256; baseline 0.005 -25"><span class='ocrx_word' id='word_1_104' title='bbox 160 2167 237 2248; x_wconf 83' lang='lat' dir='ltr'><strong>md,</strong></span> <span class='ocrx_word' id='word_1_105' title='bbox 267 2166 331 2231; x_wconf 87' lang='lat' dir='ltr'><strong>sed</strong></span> <span class='ocrx_word' id='word_1_106' title='bbox 354 2167 533 2252; x_wconf 67' lang='grc' dir='ltr'>ξλήμφὲιην</span> <span class='ocrx_word' id='word_1_107' title='bbox 553 2165 693 2254; x_wconf 84' lang='lat' dir='ltr'><strong>ejusque</strong></span> <span class='ocrx_word' id='word_1_108' title='bbox 720 2165 875 2251; x_wconf 81' lang='lat' dir='ltr'><strong>dognata</strong></span> <span class='ocrx_word' id='word_1_109' title='bbox 902 2167 1065 2256; x_wconf 76' lang='lat' dir='ltr'><strong>recepit,</strong></span> <span class='ocrx_word' id='word_1_110' title='bbox 1090 2169 1174 2256; x_wconf 82' lang='grc' dir='ltr'>ῥιιΙι</span> <span class='ocrx_word' id='word_1_111' title='bbox 1208 2199 1212 2209; x_wconf 37' lang='grc' dir='ltr'><strong>ι</strong></span> <span class='ocrx_word' id='word_1_112' title='bbox 1342 2160 1346 2182; x_wconf 73' lang='lat'><strong><em>‘</em></strong></span> 
     </span>
    </p>
   </div>
   <div class='ocr_carea' id='block_1_8' title="bbox 80 2275 1260 3611">
    <p class='ocr_par' dir='ltr' id='par_1_8' title="bbox 80 2275 1260 3588">
     <span class='ocr_line' id='line_1_17' title="bbox 161 2275 1239 2370; baseline 0.005 -28"><span class='ocrx_word' id='word_1_113' title='bbox 161 2275 262 2343; x_wconf 86' lang='lat' dir='ltr'><strong>initio</strong></span> <span class='ocrx_word' id='word_1_114' title='bbox 283 2277 465 2344; x_wconf 86' lang='lat' dir='ltr'><strong>verborum</strong></span> <span class='ocrx_word' id='word_1_115' title='bbox 486 2283 670 2366; x_wconf 84' lang='lat' dir='ltr'><strong>augmento</strong></span> <span class='ocrx_word' id='word_1_116' title='bbox 691 2277 846 2365; x_wconf 81' lang='lat' dir='ltr'><strong>praefixo</strong></span> <span class='ocrx_word' id='word_1_117' title='bbox 875 2281 957 2370; x_wconf 86' lang='lat' dir='ltr'><strong>no&#39;n¹</strong></span> <span class='ocrx_word' id='word_1_118' title='bbox 974 2281 1189 2370; x_wconf 50' lang='lat' dir='ltr'><strong>duplicavit„</strong></span> <span class='ocrx_word' id='word_1_119' title='bbox 1237 2289 1239 2294; x_wconf 86' lang='lat'>&#39;</span> 
     </span>
     <span class='ocr_line' id='line_1_18' title="bbox 161 2387 1202 2485; baseline 0.007 -29"><span class='ocrx_word' id='word_1_120' title='bbox 161 2391 403 2460; x_wconf 70' lang='grc' dir='ltr'>ἀποκτέννειν</span> <span class='ocrx_word' id='word_1_121' title='bbox 424 2388 575 2478; x_wconf 39' lang='lat' dir='ltr'><strong>scripsit„</strong></span> <span class='ocrx_word' id='word_1_122' title='bbox 589 2397 627 2458; x_wconf 88' lang='lat' dir='ltr'><strong>et</strong></span> <span class='ocrx_word' id='word_1_123' title='bbox 643 2394 867 2485; x_wconf 82' lang='grc' dir='ltr'>ἀναβέννειν</span> <span class='ocrx_word' id='word_1_124' title='bbox 879 2415 943 2482; x_wconf 85' lang='lat' dir='ltr'><strong>pro</strong></span> <span class='ocrx_word' id='word_1_125' title='bbox 961 2387 1175 2465; x_wconf 66' lang='grc' dir='ltr'>ἀποκτείνειν</span> <span class='ocrx_word' id='word_1_126' title='bbox 1198 2443 1202 2451; x_wconf 86' lang='lat'><em>-</em></span> 
     </span>
     <span class='ocr_line' id='line_1_19' title="bbox 161 2482 1173 2604; baseline 0.002 -34"><span class='ocrx_word' id='word_1_127' title='bbox 161 2509 200 2570; x_wconf 81' lang='lat' dir='ltr'><strong>et</strong></span> <span class='ocrx_word' id='word_1_128' title='bbox 222 2505 436 2602; x_wconf 76' lang='grc' dir='ltr'>ἀναβαίνειν,</span> <span class='ocrx_word' id='word_1_129' title='bbox 459 2493 518 2570; x_wconf 77' lang='lat' dir='ltr'><strong>oda</strong></span> <span class='ocrx_word' id='word_1_130' title='bbox 541 2509 578 2568; x_wconf 89' lang='lat' dir='ltr'><strong>et</strong></span> <span class='ocrx_word' id='word_1_131' title='bbox 599 2502 880 2592; x_wconf 76' lang='lat' dir='ltr'><strong>praepositiones</strong></span> <span class='ocrx_word' id='word_1_132' title='bbox 901 2482 1173 2604; x_wconf 73' lang='lat' dir='ltr'><strong>apostrophetae</strong></span> 
     </span>
     <span class='ocr_line' id='line_1_20' title="bbox 80 2607 1174 2707; baseline 0.004 -25"><span class='ocrx_word' id='word_1_133' title='bbox 80 2631 84 2644; x_wconf 79' lang='lat'>¹</span> <span class='ocrx_word' id='word_1_134' title='bbox 161 2619 232 2700; x_wconf 82' lang='grc' dir='ltr'><strong>ἀπ’,</strong></span> <span class='ocrx_word' id='word_1_135' title='bbox 253 2619 331 2682; x_wconf 82' lang='grc' dir='ltr'><strong><em>κατ’</em></strong></span> <span class='ocrx_word' id='word_1_136' title='bbox 347 2607 594 2705; x_wconf 84' lang='lat' dir='ltr'><strong>nonnumquam</strong></span> <span class='ocrx_word' id='word_1_137' title='bbox 615 2616 739 2703; x_wconf 84' lang='lat' dir='ltr'><strong>spiritu</strong></span> <span class='ocrx_word' id='word_1_138' title='bbox 755 2618 840 2684; x_wconf 74' lang='lat' dir='ltr'><strong>leni</strong></span> <span class='ocrx_word' id='word_1_139' title='bbox 860 2618 1017 2704; x_wconf 76' lang='lat' dir='ltr'><strong>subjecto</strong></span> <span class='ocrx_word' id='word_1_140' title='bbox 1040 2617 1174 2707; x_wconf 83' lang='lat' dir='ltr'><strong>aspira·</strong></span> 
     </span>
     <span class='ocr_line' id='line_1_21' title="bbox 113 2726 1260 2829; baseline 0.002 -33"><span class='ocrx_word' id='word_1_141' title='bbox 113 2759 118 2762; x_wconf 96' lang='lat'>·</span> <span class='ocrx_word' id='word_1_142' title='bbox 160 2731 556 2818; x_wconf 59' lang='grc' dir='ltr'>ιίῐούχ,ἀφ’,ιιαθ’,</span> <span class='ocrx_word' id='word_1_143' title='bbox 580 2750 653 2829; x_wconf 78' lang='lat' dir='ltr'><strong>aer.</strong></span> <span class='ocrx_word' id='word_1_144' title='bbox 667 2727 713 2794; x_wconf 89' lang='lat' dir='ltr'><strong>ll.</strong></span> <span class='ocrx_word' id='word_1_145' title='bbox 736 2726 1173 2851; x_wconf 77' lang='lat' dir='ltr'><strong>etim&#39;perfeotitermina·</strong></span> <span class='ocrx_word' id='word_1_146' title='bbox 1259 2815 1260 2820; x_wconf 8' lang='grc' dir='ltr'>ἵ</span> 
     </span>
     <span class='ocr_line' id='line_1_22' title="bbox 160 2821 1172 2932; baseline -0.002 -22"><span class='ocrx_word' id='word_1_147' title='bbox 160 2842 285 2912; x_wconf 87' lang='lat' dir='ltr'><strong>tiones</strong></span> <span class='ocrx_word' id='word_1_148' title='bbox 299 2851 328 2908; x_wconf 82' lang='lat'><strong>3</strong></span> <span class='ocrx_word' id='word_1_149' title='bbox 335 2843 454 2932; x_wconf 89' lang='lat' dir='ltr'><strong>plur</strong></span> <span class='ocrx_word' id='word_1_150' title='bbox 444 2866 479 2909; x_wconf 91' lang='grc' dir='ltr'><strong>ιιι</strong></span> <span class='ocrx_word' id='word_1_151' title='bbox 496 2821 616 2924; x_wconf 69' lang='lat' dir='ltr'><strong>oden,</strong></span> <span class='ocrx_word' id='word_1_152' title='bbox 639 2855 711 2907; x_wconf 75' lang='lat' dir='ltr'><strong>dor.</strong></span> <span class='ocrx_word' id='word_1_153' title='bbox 723 2840 769 2908; x_wconf 93' lang='lat' dir='ltr'><strong>ll</strong></span> <span class='ocrx_word' id='word_1_154' title='bbox 792 2843 927 2924; x_wconf 81' lang='lat' dir='ltr'><strong>etiem</strong></span> <span class='ocrx_word' id='word_1_155' title='bbox 916 2866 953 2916; x_wconf 86' lang='grc' dir='ltr'><strong>ιιι</strong></span> <span class='ocrx_word' id='word_1_156' title='bbox 967 2841 1002 2923; x_wconf 81' lang='grc' dir='ltr'><strong>ιι,</strong></span> <span class='ocrx_word' id='word_1_157' title='bbox 1025 2870 1085 2929; x_wconf 85' lang='grc' dir='ltr'><strong>ας,</strong></span> <span class='ocrx_word' id='word_1_158' title='bbox 1106 2869 1172 2928; x_wconf 83' lang='grc' dir='ltr'><strong>αι,</strong></span> 
     </span>
     <span class='ocr_line' id='line_1_23' title="bbox 161 2954 1204 3047; baseline -0.002 -22"><span class='ocrx_word' id='word_1_159' title='bbox 161 2963 248 3025; x_wconf 87' lang='lat' dir='ltr'><strong>oett</strong></span> <span class='ocrx_word' id='word_1_160' title='bbox 272 2978 408 3046; x_wconf 83' lang='lat' dir='ltr'><strong>easque</strong></span> <span class='ocrx_word' id='word_1_161' title='bbox 438 2959 640 3044; x_wconf 81' lang='lat' dir='ltr'><strong>trequentes</strong></span> <span class='ocrx_word' id='word_1_162' title='bbox 667 2954 878 3039; x_wconf 83' lang='lat' dir='ltr'><strong>introduxit,</strong></span> <span class='ocrx_word' id='word_1_163' title='bbox 908 2957 1053 3047; x_wconf 84' lang='lat' dir='ltr'><strong>denique</strong></span> <span class='ocrx_word' id='word_1_164' title='bbox 1083 2959 1173 3025; x_wconf 81' lang='grc' dir='ltr'><strong>ἐλπί-</strong></span> <span class='ocrx_word' id='word_1_165' title='bbox 1201 2968 1204 2978; x_wconf 89' lang='grc'><em>·</em></span> 
     </span>
     <span class='ocr_line' id='line_1_24' title="bbox 160 3066 1171 3160; baseline -0.003 -22"><span class='ocrx_word' id='word_1_166' title='bbox 160 3077 240 3138; x_wconf 79' lang='grc' dir='ltr'><strong>δαν</strong></span> <span class='ocrx_word' id='word_1_167' title='bbox 263 3069 443 3136; x_wconf 78' lang='lat' dir='ltr'><strong>barbarum</strong></span> <span class='ocrx_word' id='word_1_168' title='bbox 465 3068 697 3160; x_wconf 83' lang='lat' dir='ltr'><strong>aeousativum</strong></span> <span class='ocrx_word' id='word_1_169' title='bbox 718 3067 807 3134; x_wconf 89' lang='lat' dir='ltr'><strong>Novi</strong></span> <span class='ocrx_word' id='word_1_170' title='bbox 817 3066 1041 3138; x_wconf 84' lang='lat' dir='ltr'><strong>Testamenti</strong></span> <span class='ocrx_word' id='word_1_171' title='bbox 1063 3069 1171 3158; x_wconf 85' lang='lat' dir='ltr'><strong>serip-</strong></span> 
     </span>
     <span class='ocr_line' id='line_1_25' title="bbox 159 3174 1173 3256; baseline -0.002 -6"><span class='ocrx_word' id='word_1_172' title='bbox 159 3181 293 3250; x_wconf 84' lang='lat' dir='ltr'><strong>toribue</strong></span> <span class='ocrx_word' id='word_1_173' title='bbox 324 3179 482 3248; x_wconf 86' lang='lat' dir='ltr'><strong>obtrusit.</strong></span> <span class='ocrx_word' id='word_1_174' title='bbox 530 3174 628 3256; x_wconf 78' lang='lat' dir='ltr'><strong>Quae</strong></span> <span class='ocrx_word' id='word_1_175' title='bbox 663 3188 734 3249; x_wconf 87' lang='lat' dir='ltr'><strong>tum</strong></span> <span class='ocrx_word' id='word_1_176' title='bbox 767 3180 910 3250; x_wconf 83' lang='lat' dir='ltr'><strong>insolita</strong></span> <span class='ocrx_word' id='word_1_177' title='bbox 940 3183 1086 3249; x_wconf 86' lang='lat' dir='ltr'><strong>firmarit</strong></span> <span class='ocrx_word' id='word_1_178' title='bbox 1118 3183 1173 3248; x_wconf 87' lang='lat' dir='ltr'><strong>vir</strong></span> 
     </span>
     <span class='ocr_line' id='line_1_26' title="bbox 155 3293 1172 3396; baseline 0.001 -33"><span class='ocrx_word' id='word_1_179' title='bbox 155 3294 382 3363; x_wconf 75' lang='lat' dir='ltr'><strong>doctissimus</strong></span> <span class='ocrx_word' id='word_1_180' title='bbox 405 3294 534 3362; x_wconf 86' lang='lat' dir='ltr'><strong>oodieis</strong></span> <span class='ocrx_word' id='word_1_181' title='bbox 550 3293 656 3396; x_wconf 83' lang='lat' dir='ltr'><strong>Alex</strong></span> <span class='ocrx_word' id='word_1_182' title='bbox 676 3294 904 3374; x_wconf 76' lang='lat' dir='ltr'><strong>auetoritate&#39;</strong></span> <span class='ocrx_word' id='word_1_183' title='bbox 930 3294 1017 3361; x_wconf 91' lang='lat' dir='ltr'><strong>Nam</strong></span> <span class='ocrx_word' id='word_1_184' title='bbox 1037 3316 1113 3362; x_wconf 86' lang='lat' dir='ltr'><strong>oum</strong></span> <span class='ocrx_word' id='word_1_185' title='bbox 1136 3304 1172 3364; x_wconf 92' lang='lat' dir='ltr'><strong>et</strong></span> 
     </span>
     <span class='ocr_line' id='line_1_27' title="bbox 141 3385 1172 3504; baseline 0.002 -32"><span class='ocrx_word' id='word_1_186' title='bbox 141 3397 200 3486; x_wconf 91' lang='lat' dir='ltr'><strong>N.</strong></span> <span class='ocrx_word' id='word_1_187' title='bbox 210 3405 313 3474; x_wconf 83' lang='lat' dir='ltr'><strong>Test.</strong></span> <span class='ocrx_word' id='word_1_188' title='bbox 328 3404 416 3471; x_wconf 90' lang='lat' dir='ltr'><strong>libro</strong></span> <span class='ocrx_word' id='word_1_189' title='bbox 432 3405 493 3473; x_wconf 90' lang='lat' dir='ltr'><strong>illo</strong></span> <span class='ocrx_word' id='word_1_190' title='bbox 511 3386 748 3496; x_wconf 77' lang='lat' dir='ltr'><strong>antiquissimo</strong></span> <span class='ocrx_word' id='word_1_191' title='bbox 760 3406 989 3504; x_wconf 72' lang='lat' dir='ltr'><strong>eontinentur,</strong></span> <span class='ocrx_word' id='word_1_192' title='bbox 1009 3406 1047 3474; x_wconf 86' lang='lat' dir='ltr'><strong>ud</strong></span> <span class='ocrx_word' id='word_1_193' title='bbox 1057 3385 1172 3474; x_wconf 70' lang='lat' dir='ltr'><strong>Laeli</strong></span> 
     </span>
     <span class='ocr_line' id='line_1_28' title="bbox 159 3489 1171 3611; baseline 0 -25"><span class='ocrx_word' id='word_1_194' title='bbox 159 3541 283 3587; x_wconf 85' lang='lat' dir='ltr'><strong>manno</strong></span> <span class='ocrx_word' id='word_1_195' title='bbox 305 3513 456 3611; x_wconf 86' lang='lat' dir='ltr'><strong>instituti</strong></span> <span class='ocrx_word' id='word_1_196' title='bbox 477 3517 585 3586; x_wconf 88' lang='lat' dir='ltr'><strong>fuerit</strong></span> <span class='ocrx_word' id='word_1_197' title='bbox 606 3489 872 3608; x_wconf 79' lang='lat' dir='ltr'><strong>fundamentum.</strong></span> <span class='ocrx_word' id='word_1_198' title='bbox 905 3517 978 3588; x_wconf 83' lang='lat' dir='ltr'><strong>Sed</strong></span> <span class='ocrx_word' id='word_1_199' title='bbox 999 3519 1090 3587; x_wconf 84' lang='lat' dir='ltr'><strong>seire</strong></span> <span class='ocrx_word' id='word_1_200' title='bbox 1112 3541 1171 3588; x_wconf 79' lang='lat' dir='ltr'><strong>re·</strong></span> 
     </span>
    </p>
   </div>
   <div class='ocr_carea' id='block_1_9' title="bbox 157 3630 1288 3723">
    <p class='ocr_par' dir='ltr' id='par_1_9' title="bbox 157 3630 1288 3723">
     <span class='ocr_line' id='line_1_29' title="bbox 157 3630 1288 3723; baseline -0.004 -23"><span class='ocrx_word' id='word_1_201' title='bbox 157 3631 281 3718; x_wconf 82' lang='lat' dir='ltr'><strong>limus,</strong></span> <span class='ocrx_word' id='word_1_202' title='bbox 315 3653 415 3723; x_wconf 88' lang='lat' dir='ltr'><strong>quam</strong></span> <span class='ocrx_word' id='word_1_203' title='bbox 440 3638 593 3701; x_wconf 81' lang='lat' dir='ltr'><strong>oetatem</strong></span> <span class='ocrx_word' id='word_1_204' title='bbox 622 3632 753 3700; x_wconf 87' lang='lat' dir='ltr'><strong>tribuat</strong></span> <span class='ocrx_word' id='word_1_205' title='bbox 779 3632 1017 3702; x_wconf 84' lang='lat' dir='ltr'><strong>Alexandrino</strong></span> <span class='ocrx_word' id='word_1_206' title='bbox 1048 3630 1170 3722; x_wconf 85' lang='lat' dir='ltr'><strong>eodioi</strong></span> <span class='ocrx_word' id='word_1_207' title='bbox 1284 3662 1288 3672; x_wconf 62' lang='lat'><strong><em>¹</em></strong></span> 
     </span>
    </p>
   </div>
   <div class='ocr_carea' id='block_1_10' title="bbox 109 3730 1254 3830">
    <p class='ocr_par' dir='ltr' id='par_1_10' title="bbox 109 3730 1254 3830">
     <span class='ocr_line' id='line_1_30' title="bbox 109 3730 1254 3830; baseline -0.003 -20"><span class='ocrx_word' id='word_1_208' title='bbox 109 3730 115 3745; x_wconf 50' lang='lat'>⁸</span> <span class='ocrx_word' id='word_1_209' title='bbox 159 3745 246 3820; x_wconf 76' lang='lat' dir='ltr'><strong>Quis</strong></span> <span class='ocrx_word' id='word_1_210' title='bbox 282 3744 399 3812; x_wconf 90' lang='lat' dir='ltr'><strong>enim</strong></span> <span class='ocrx_word' id='word_1_211' title='bbox 394 3744 523 3812; x_wconf 87' lang='lat' dir='ltr'><strong>hodie</strong></span> <span class='ocrx_word' id='word_1_212' title='bbox 543 3745 731 3820; x_wconf 80' lang='lat' dir='ltr'><strong>crediderit</strong></span> <span class='ocrx_word' id='word_1_213' title='bbox 763 3745 943 3813; x_wconf 82' lang='lat' dir='ltr'><strong>traditioni</strong></span> <span class='ocrx_word' id='word_1_214' title='bbox 984 3766 1058 3829; x_wconf 83' lang='lat' dir='ltr'><strong>eum</strong></span> <span class='ocrx_word' id='word_1_215' title='bbox 1093 3744 1171 3830; x_wconf 84' lang='lat' dir='ltr'><strong>ipso</strong></span> <span class='ocrx_word' id='word_1_216' title='bbox 1252 3763 1254 3772; x_wconf 71' lang='grc'>’</span> 
     </span>
    </p>
   </div>
   <div class='ocr_carea' id='block_1_11' title="bbox 94 3853 1302 3941">
    <p class='ocr_par' dir='ltr' id='par_1_11' title="bbox 94 3853 1302 3941">
     <span class='ocr_line' id='line_1_31' title="bbox 94 3853 1302 3941; baseline -0.006 -17"><span class='ocrx_word' id='word_1_217' title='bbox 94 3901 96 3906; x_wconf 92' lang='grc'>-</span> <span class='ocrx_word' id='word_1_218' title='bbox 158 3855 249 3924; x_wconf 87' lang='lat' dir='ltr'><strong>libro</strong></span> <span class='ocrx_word' id='word_1_219' title='bbox 288 3876 311 3921; x_wconf 88' lang='lat' dir='ltr'><strong>a</strong></span> <span class='ocrx_word' id='word_1_220' title='bbox 342 3855 475 3941; x_wconf 78' lang='lat' dir='ltr'><strong>Gyrillo</strong></span> <span class='ocrx_word' id='word_1_221' title='bbox 513 3856 643 3924; x_wconf 63' lang='lat' dir='ltr'><strong>laudari</strong></span> <span class='ocrx_word' id='word_1_222' title='bbox 677 3855 887 3925; x_wconf 84' lang='lat' dir='ltr'><strong>Patrieroha</strong></span> <span class='ocrx_word' id='word_1_223' title='bbox 925 3853 1172 3924; x_wconf 76' lang='lat' dir='ltr'><strong>Constantino·</strong></span> <span class='ocrx_word' id='word_1_224' title='bbox 1299 3869 1302 3875; x_wconf 82' lang='grc'><strong>’</strong></span> 
     </span>
    </p>
   </div>
   <div class='ocr_carea' id='block_1_12' title="bbox 119 3955 1173 4171">
    <p class='ocr_par' dir='ltr' id='par_1_12' title="bbox 119 3955 1173 4171">
     <span class='ocr_line' id='line_1_32' title="bbox 119 3955 1173 4065; baseline -0.004 -29"><span class='ocrx_word' id='word_1_225' title='bbox 119 3970 124 3980; x_wconf 87' lang='grc'><em>’</em></span> <span class='ocrx_word' id='word_1_226' title='bbox 158 3969 316 4059; x_wconf 83' lang='lat' dir='ltr'><strong>politano</strong></span> <span class='ocrx_word' id='word_1_227' title='bbox 352 3969 387 4035; x_wconf 90' lang='lat' dir='ltr'><strong>in</strong></span> <span class='ocrx_word' id='word_1_228' title='bbox 415 3969 632 4040; x_wconf 80' lang='lat' dir='ltr'><strong>Britanniam</strong></span> <span class='ocrx_word' id='word_1_229' title='bbox 665 3969 817 4054; x_wconf 81' lang='lat' dir='ltr'><strong>missae,</strong></span> <span class='ocrx_word' id='word_1_230' title='bbox 855 3991 941 4060; x_wconf 88' lang='lat' dir='ltr'><strong>quae</strong></span> <span class='ocrx_word' id='word_1_231' title='bbox 971 3955 1173 4065; x_wconf 84' lang='lat' dir='ltr'><strong>„memoret</strong></span> 
     </span>
     <span class='ocr_line' id='line_1_33' title="bbox 161 4079 1172 4171; baseline -0.004 -21"><span class='ocrx_word' id='word_1_232' title='bbox 161 4081 327 4170; x_wconf 73' lang='lat' dir='ltr'><strong>seriptum</strong></span> <span class='ocrx_word' id='word_1_233' title='bbox 356 4103 438 4152; x_wconf 81' lang='lat' dir='ltr'><strong>erse</strong></span> <span class='ocrx_word' id='word_1_234' title='bbox 466 4105 568 4152; x_wconf 86' lang='lat' dir='ltr'><strong>manu</strong></span> <span class='ocrx_word' id='word_1_235' title='bbox 595 4083 752 4154; x_wconf 80' lang='lat' dir='ltr'><strong>Theolae</strong></span> <span class='ocrx_word' id='word_1_236' title='bbox 774 4082 937 4166; x_wconf 81' lang='lat' dir='ltr'><strong>martyris</strong></span> <span class='ocrx_word' id='word_1_237' title='bbox 965 4079 1172 4171; x_wconf 74' lang='lat' dir='ltr'><strong>paulopost</strong></span> 
     </span>
    </p>
   </div>
   <div class='ocr_carea' id='block_1_13' title="bbox 871 4206 897 4278">
    <p class='ocr_par' dir='ltr' id='par_1_13' title="bbox 871 4206 897 4278">
     <span class='ocr_line' id='line_1_34' title="bbox 871 4206 897 4278; baseline 0 0"><span class='ocrx_word' id='word_1_238' title='bbox 871 4206 897 4278; x_wconf 79' lang='grc'><strong>7</strong></span> 
     </span>
    </p>
   </div>
   <div class='ocr_carea' id='block_1_14' title="bbox 0 0 1424 4846">
    <p class='ocr_par' dir='ltr' id='par_1_14' title="bbox 0 0 1424 4846">
     <span class='ocr_line' id='line_1_35' title="bbox 0 0 1424 4846; baseline 0 1"><span class='ocrx_word' id='word_1_239' title='bbox 0 0 1424 4846; x_wconf 95' lang='lat' dir='ltr'><strong> </strong></span> 
     </span>
    </p>
   </div>
  </div>
 </body>
</html>
