2818 4838
557 429 562 440 “
666 409 697 492 5

174 631 267 713 runt,
288 606 424 696 videtur
440 625 521 697 cs'sc
537 631 725 717 superata)
747 649 846 720 quum
860 629 913 696 vir
927 621 1072 728 magnus
1087 618 1184 696 e'ver·

175 742 224 808 sis
244 745 476 842 ‘erronearum
504 739 699 830 opinionum
727 741 996 830 propugnaculis
1020 745 1183 812 adversa·

173 847 302 920 riorurn
323 876 461 922 errores
476 877 544 920 non
564 855 616 920 ita
631 853 814 938 vitaverit,
838 855 916 944 quin
934 855 1031 942 ipse,
1053 862 1092 922 ut
1108 854 1184 922 fieri

174 964 299 1032 solet
290 988 324 1031 ιιι
346 965 656 1060 disceptationibus
677 967 853 1072 lrumanis,
876 966 991 1034 altera
1014 974 1182 1055 exparte

161 1065 266 1146 'ultra
285 1078 414 1146 limites
431 1077 591 1146 veritatis
604 1079 830 1168 processerit.
862 1081 957 1147 Sanc
975 1103 1050 1147 cum
1067 1079 1183 1146 Hodio

172 1213 242 1258 non
261 1169 395 1258 solum
385 1191 642 1278 isagogicorum
657 1191 863 1280 scriptorum
879 1193 981 1259 turba
996 1195 1059 1262 sed
1077 1193 1184 1260 etiam

177 1305 251 1394 (qui
278 1305 416 1392 integro
445 1304 586 1372 saeculo
616 1297 698 1392 post
726 1304 842 1394 ipsum
867 1305 1027 1393 scripsit)
1057 1305 1116 1372 Fr.
1139 1304 1183 1373 G.

173 1416 332 1484 Sturzius
350 1411 577 1500 (dediolocto
591 1417 737 1516 Maced,
754 1431 792 1486 ec
803 1419 1073 1486 Alexandrino
1089 1420 1181 1501 1808,

174 1529 271 1616 51)
302 1539 414 1618 paene
449 1554 591 1624 prorsus
624 1531 813 1621 consensit.
862 1529 1005 1597 Interim
1035 1551 1181 1616 magnus

171 1631 448 1715 Vancnnssaws
458 1643 525 1725 *(in
539 1645 709 1711 diutribc
722 1646 767 1712 de
779 1644 997 1714 Aristobulo
1017 1641 1181 1726 Judueo,

172 1757 303 1821 deururn
326 1777 358 1821 a.
379 1759 476 1838 1886,
498 1753 627 1822 XXIII
642 1763 724 1844 post
745 1756 898 1824 auctoris
914 1762 1059 1824 mortem
1082 1753 1181 1821 annis
1269 1808 1272 1814 .

171 1865 302 1950 adoll.
333 1865 452 1934 Luzac
482 1867 595 1948 edita)
633 1867 1081 1974 incomparabilixdoctrina
1118 1890 1183 1933 sua
1220 1913 1223 1920 ,

171 1979 281 2044 tantis
303 1980 422 2046 harum
443 2001 556 2046 rerum
572 1981 726 2061 tenebris
745 2005 857 2049 novae
874 1981 1002 2070 aliquid
1023 1980 1111 2047 lucis
1128 1986 1181 2046 a't·
1261 2031 1266 2058 ,

171 2091 261 2156 tulit.
282 2089 434 2180 Namque
457 2096 499 2160 dc
522 2092 744 2177 Aristobulo,
775 2094 939 2177 omnium,
970 2093 1025 2183 qui
1046 2091 1180 2160 versio·

171 2205 226 2269 nis
248 2204 510 2304 Alexandrinae
532 2201 741 2273 mentionem
770 2207 909 2286 fecere,
941 2202 1180 2302 antiqulssimo
1284 2257 1286 2264 .

172 2315 362 2404 scriptore,
385 2340 514 2406 agens,
538 2319 675 2422 deque
670 2343 712 2386 eo
729 2320 801 2385 alia
816 2319 929 2424 ornnia
953 2324 1111 2384 statuens
1129 2324 1181 2383 at-

172 2449 237 2516 quc
261 2429 410 2510 Rodios,
440 2425 560 2500 facere
582 2451 650 2499 non
671 2390 801 2520 potuit,
830 2431 909 2520 quin
930 2431 1181 2518 Septuaginta·
1244 2496 1246 2501 .

170 2539 280 2608 virale
304 2511 456 2631 quoque·
464 2566 550 2632 opus
573 2545 765 2636 attingeret
792 2551 828 2610 et
850 2544 1022 2611 diversam
1045 2543 1179 2609 omnino

171 2653 218 2719 ab'
231 2652 392 2720 lIodiana
412 2657 454 2721 de
477 2677 520 2720 eo
542 2655 1061 2722 sententiamferrat.'llcn1us
1083 2663 1180 2742 post·

49 2768 53 2772 ’
172 2789 272 2856 quam
292 2766 540 2850 dissertatione
563 2771 608 2836 do
620 2769 707 2836 bist.
726 2769 916 2851 Aristeae,
939 2789 1039 2856 quarn
1054 2757 1085 2835 a.
1101 2771 1181 2835 1687

167 2869 305 2963 juvenis
336 2880 547 2967 scripserat,
582 2888 619 2948 et
644 2881 733 2948 libro
760 2881 869 2970 primo
899 2879 1016 2968 operis
1039 2878 1180 2947 classici
1223 2937 1226 2942 .

171 2993 218 3059 de
232 2993 427 3060 bibliorum
449 2995 609 3061 torribus
621 2995 872 3086 originalibus
895 3005 932 3060 et
948 2993 1180 3060 versionibus

171 3107 439 3190 a.1705,'denuo
456 3105 625 3188 ediderat,
643 3105 863 3172 traditionem
878 3097 1101 3198 Aripteanarn
1114 3103 1181 3170 fal·
1199 3115 1235 3206 ξ
1255 3113 1258 3120 “

171 3217 291 3282 sitatis
312 3220 449 3307 arguit,
471 3221 621 3286 secundo
639 3217 729 3285 libro
750 3218 902 3284 nonfuit
920 3224 1104 3285 contentus
1117 3219 1181 3285 de·

27 3389 35 3405 x
117 3375 121 3380 -
168 3337 405 3413 monstrasse,
428 3331 606 3414 ‘pensionis
629 3331 984 3420 Septuagintaviralis
1015 3313 1207 3397 auctores'

169 3443 286 3529 patrib
315 3443 597 3511 Alcramlrinos
628 3444 740 3512 fuisse
776 3452 862 3524 (non
891 3443 1180 3512 Palaestinenses

167 3543 664 3639 Hierosolymisaccersitos),
688 3559 750 3625 sed
765 3557 1014 3644 in'oppositam
1027 3555 1181 3644 opinioni
1256 3563 1258 3566 ’

110 3747 113 3752 ,
167 3666 306 3754 vulgari
327 3676 463 3757 partem
485 3671 654 3736 secedens
1281 3752 1289 3772 Ι

173 3760 176 3769 s
254 3787 281 3846 l.
303 3781 756 3870 Ptolomaciniladelpbi
758 3783 872 3870 jussu,
884 3781 1180 3850 Demetriil'ba'·

101 3975 106 3982 v
169 3895 267 3962 lora·
285 3916 368 3960 eura
389 3917 462 3960 cam
485 3893 680 3960 institutam
702 3917 783 3970 essa
804 3916 944 3982 prorsus
966 3895 1128 3982 negavit,

252 4013 281 4072 2.
304 4007 427 4092 deindo
444 4007 479 4072 in
496 4007 866 4098 Bibliothecalicgia
887 4030 973 4095 opus
992 4005 1185 4094 repositum

165 4140 348 4210 numquam
370 4117 703 4211 fuissecontendit,
746 4153 748 4160 >
