2818 4838
681 295 685 305 .
858 299 861 308 .
983 275 986 302 ι
1080 260 1084 270 “

719 325 777 412 ⁸8
871 323 877 341 l

242 499 429 628 aberrare,
449 563 550 633 quum
568 536 726 632 proclivo
748 550 846 616 osset
865 565 939 634 pro
950 555 1031 627 nun
1050 543 1172 634 legero
1194 554 1256 622 aot
1287 601 1288 606 ,

121 696 125 710 ¹
186 735 193 751 .
242 683 324 787 n'pff
325 665 394 758 'by
417 700 528 766 cuper
550 678 640 761 alto,
661 681 724 743 aut
745 686 868 756 ῃιἾΠ·
866 663 914 778 βξ
933 677 1045 766 rupea·
1061 679 1255 760 montibus.

113 804 116 814 ’
181 829 184 844 ’
244 760 300 876 od
322 795 511 896 ἸζὸρΙθιιιιιι
534 807 617 896 §a
697 817 726 868 ’.

452 1121 456 1178 ι
569 1150 573 1160 ,
625 1097 713 1199 .·§.
765 1103 823 1174 1⁰.
900 1109 903 1130 ·

326 1292 366 1382 ln
381 1316 430 1362 eo
447 1298 601 1380 eramus,
622 1304 662 1386 ut
678 1303 840 1388 quantam
854 1297 1098 1388 perspicuitati
1114 1309 1256 1387 operam

242 1407 421 1474 dedissent
450 1411 562 1476 nostri
584 1412 856 1478 ostenderemus.
899 1409 976 1477 Et
966 1433 1001 1476 m
1022 1409 1077 1476 bis
1107 1411 1254 1513 quidem,

125 1591 129 1596 ,
189 1601 191 1608 y
243 1541 329 1607 quae
353 1521 540 1626 bucusque
548 1522 748 1604 citavimus,
768 1522 948 1590 maximam
969 1531 1105 1611 partem
1125 1523 1194 1590 rite
1217 1531 1255 1592 ot

241 1631 404 1718 legitime
430 1629 590 1718 student,
620 1642 658 1702 ut
687 1636 757 1700 sint
787 1635 935 1736 dilucidi.
979 1635 1086 1725 Atqui
1116 1642 1153 1703 et
1182 1636 1255 1702 alia

132 1767 135 1780 =
194 1739 197 1753 ¹
240 1745 503 1832 perspicuitatis
527 1747 687 1836 exempla
709 1754 805 1829 sunt,
828 1771 923 1837 quae
935 1745 1150 1832 fidelitatem,
1173 1772 1255 1838 ‘1¹¹³'

241 1865 343 1941 tenus
365 1880 507 1926 servare
530 1883 606 1926 eam
627 1867 749 1948 potest
770 1859 956 1950 interpres,
977 1883 1168 1946 nonmagna
1187 1859 1253 1927 tol·

237 1968 326 2037 'lunt.
346 1960 415 2038 'Ea
438 1971 535 2054 dico,
557 1972 614 2037 ubi
636 1996 699 2062 pro
721 1971 831 2056 roris,
855 1973 1057 2064 exquisitis,
1076 1965 1253 2061 impeditis

179 2169 181 2176 Α
238 2081 417 2170 vulgaria,
453 2086 538 2154 trita
570 2092 607 2151 et
634 2085 783 2152 dilucida
811 2092 952 2172 ponunt.
1000 2083 1133 2153 Nemini
1163 2085 1253 2152 enim

237 2196 435 2264 mortalium
464 2197 499 2262 in
520 2196 591 2262 ulla
612 2177 733 2284 lingua
760 2185 812 2260 ita
833 2218 1037 2264 concessum
1059 2204 1116 2269 est
1137 2204 1252 2263 trans·

238 2297 334 2374 ferra
365 2299 450 2394 opus
481 2309 655 2397 antiquum
693 2307 809 2374 aliena
840 2308 959 2396 lingua
985 2308 1180 2392 conditum,
1215 2316 1253 2376 ut

238 2426 276 2486 et
296 2411 427 2488 nitores
451 2405 656 2491 elocutionis
677 2420 779 2488 iidem
802 2421 996 2520 reniteant,
1029 2428 1068 2489 ut
1090 2443 1252 2488 sensnum

148 2523 151 2532 ¹
239 2535 359 2630 eadem
381 2535 523 2620 prorsus
556 2533 653 2622 quasi
674 2511 886 2600 lineamenta
899 2533 1186 2623 conspiciantur,
1213 2542 1251 2600 ut

176 2683 177 2688 κ
237 2624 397 2712 latebrae
421 2646 720 2736 obscuritatesque
751 2646 997 2742 grammaticae
1019 2647 1141 2715 iisdem
1161 2647 1250 2715 locis

238 2756 436 2823 consimiles
464 2759 633 2846 lectorem
663 2759 849 2830 offendant.
892 2759 1038 2826 Auctori
1070 2759 1169 2825 licuit
1198 2760 1251 2826 ita

238 2868 405 2952 scribere,
428 2878 466 2936 ut
482 2848 693 2957 nos'posteri
707 2891 843 2951 sensus,
867 2869 933 2958 ipsi
958 2887 1056 2960 quum
1078 2872 1250 2938 scriberet

237 2979 353 3048 claros
376 2977 488 3070 neque
510 2982 629 3076 ipsius
642 2981 864 3069 popularibus
879 2981 1018 3050 coaevis
1040 2981 1269 3070 impenetraq
1400 3039 1401 3050 .

236 3082 353 3178 biles,
361 3095 500 3184 assequi
514 3094 574 3162 vix
590 3117 762 3183 queamus.
793 3094 983 3182 Interpreti
1002 3095 1150 3176 obscuro
1166 3117 1248 3163 esse

235 3206 430 3290 nonlicet,
458 3215 603 3306 praeter
625 3229 701 3274 eam
724 3206 991 3292 obscuritatem,
1015 3231 1102 3298 quae
1124 3230 1192 3273 non
1213 3207 1250 3274 in

235 3307 417 3387 verborum
448 3319 701 3424 significatione
731 3326 768 3388 et
796 3320 1055 3388 construetione
1082 3319 1251 3386 insolenti

187 3496 191 3515 ‚
235 3432 353 3519 posita
374 3435 450 3514 est,
484 3431 582 3500 sed
573 3455 607 3497 m
635 3431 887 3498 sententiarum
915 3433 949 3499 vi
972 3433 1106 3500 sublimi
1136 3439 1173 3501 et
1192 3456 1248 3501 re·

236 3543 394 3627 condita,
422 3566 580 3634 nexuque
608 3545 674 3610 imo
705 3552 742 3611 et
763 3543 945 3636 profundo.
989 3544 1087 3610 Satis
1110 3551 1187 3629 est,
1208 3552 1248 3610 ut

236 3678 282 3723 ex
303 3656 591 3744 interpretatione
613 3655 850 3744 intelligatur,
873 3657 952 3745 quid
973 3657 1100 3725 dictum
1121 3657 1245 3738 suerit3

125 3797 127 3805 .
236 3771 421 3870 quomodo,
445 3769 563 3857 quibus
585 3770 701 3868 verbis
724 3777 846 3837 auctor
868 3767 1014 3852 dixerit,
1038 3768 1247 3858 intelligitur

235 3881 368 3971 quidem
377 3876 497 3968 sae'pe,
521 3883 762 3972 sedutubique
774 3881 917 3950 divinari
928 3881 1055 3969 possit,
1075 3901 1175 3950 nemo
1190 3887 1247 3950 est

122 4021 130 4054 .-
177 4081 181 4089 1
233 3994 288 4082 qui
309 3995 483 4083 requirat,
511 4016 555 4062 ue
578 3995 620 4060 ab
642 3985 859 4090 interlineari
880 3992 1035 4082 quidem,
1065 4017 1164 4086 quam
1184 4016 1245 4062 vo·
