2818 4838
717 375 776 458 4ο
837 403 843 422 0

241 568 347 665 ticam
368 596 486 687 potius
513 595 582 663 et
571 555 653 683 ipsi
662 591 892 661 orationem
880 613 917 658 ιιι
938 592 1084 694 canticis
1105 597 1253 668 reddere

135 726 139 748 ·
243 693 431 793 conantur,
454 713 523 798 qua'
543 711 585 775 de
605 730 645 802 re
667 705 759 772 inira
781 685 986 788 dicendum.
1089 711 1094 724 '
1169 737 1171 744 v

324 821 453 888 Tanta
466 820 611 910 denique
633 815 980 906 fuitperspiouitatis
993 840 1094 902 coro,
1114 825 1255 926 tamque

242 933 364 1046 parilis
390 955 454 1022 per
476 954 593 998 omnes
622 930 822 1018 praelongi
837 927 954 1020 operis
983 938 1125 1017 partes,
1154 933 1256 1001 tauta
1336 917 1364 966 f

240 1027 373 1136 passim
393 1009 654 1133 perspiohitatis
676 1062 767 1148 argo
786 1047 899 1120 sumta
920 1041 1074 1126 lieentia,
1095 1047 1179 1112 ut'
1151 1069 1181 1111 ιι
1202 1054 1255 1113 to·

201 1183 203 1190 ·
241 1164 313 1225 tum
333 1157 492 1224 volumen
514 1157 741 1246 percurreris,
762 1154 980 1243 paucissimis
996 1156 1178 1226 versiculis
1203 1155 1254 1224 of·

242 1267 410 1352 fendaris,
433 1269 488 1357 qui
510 1269 741 1356 interpretum
759 1268 861 1356 culpa
881 1274 1026 1355 propter
1043 1251 1256 1356 singulorum
1278 1359 1289 1372 ,

109 1471 112 1474 Ι
241 1381 484 1449 vocabulorum
517 1381 585 1449 vim
614 1389 651 1448 et
681 1403 805 1447 nexum
834 1379 1049 1447 obscuritate
1082 1379 1280 1478 laborent„

241 1492 297 1562 De
319 1494 437 1583 quibas
460 1492 646 1580 'Pbplerus
666 1493 707 1592 in*
731 1492 828 1559 calce
857 1492 969 1582 libelli
992 1493 1089 1562 dixit.
1131 1494 1255 1561 Distat

151 1651 161 1662 -
243 1629 286 1673 aa
307 1603 443 1676 ratione
459 1629 480 1670 a
490 1601 724 1672 Pentateuchi
738 1574 969 1684 translatione
983 1581 1127 1672 aliorum
1149 1607 1254 1674 libro·

178 1792 181 1810 ¹
240 1741 336 1800 runi,
347 1716 563 1812 Psalmorom
584 1715 933 1804 praesertimversio,
948 1715 999 1783 'ab
1023 1717 1203 1804 elegantia
1217 1724 1255 1786 et
1357 1771 1364 1788 ι

241 1805 508 1967 perspicuitate
517 1830 623 1916 multo
645 1827 784 1916 longius
804 1811 949 1931 remota.
1221 1839 1222 1844 ’

658 2081 714 2185 ι.
745 2085 821 2173 γιι.

325 2275 425 2344 llaec
447 2251 542 2345 diota
557 2267 658 2346 sunto
681 2282 723 2349 de
736 2302 779 2346 ea
796 2278 958 2362 licentia,
982 2300 1048 2368 qua
1064 2275 1171 2344 LXX
1187 2276 1253 2346 dif-

191 2393 194 2410 “
241 2386 452 2456 licultatibus
483 2391 717 2482 grammaticis
747 2392 782 2458 in
809 2399 908 2458 textu
930 2383 1104 2458 Hebraico
1127 2413 1253 2479 propo·

196 2487 203 2506 ⁸
243 2499 320 2568 sitis
343 2524 423 2569 sese
446 2504 611 2593 expedire
634 2510 897 2573 consueverunt.
931 2502 1007 2580 Qua
1022 2502 1057 2568 in
1076 2523 1114 2570 re
1130 2502 1253 2593 siquid

241 2621 403 2703 peccant,
426 2621 463 2682 et
484 2615 737 2703 ignorationem
756 2615 832 2683 veri
854 2636 977 2682 seusus
997 2621 1035 2681 et
1057 2596 1151 2682 suurn
1173 2637 1252 2703 per·
1322 2637 1326 2645 ·

124 2811 127 2818 Ι
242 2715 439 2815 spiouitatis
469 2729 617 2795 studium
636 2715 804 2817 produnt.
847 2713 1013 2816 Seq‘uithr
1036 2735 1073 2794 ut
1095 2727 1252 2818 dexalius

242 2838 383 2926 generis
399 2839 541 2906 licentia
563 2841 727 2922 dicamus,
750 2863 815 2929 qua
832 2839 928 2927 ipsas
946 2838 1140 2905 sententias
1163 2839 1252 2905 satis

198 3034 200 3044 ,
241 2949 462 3035 intellectas,
484 2974 570 3019 suae
586 2951 787 3037 theologiae
800 2951 860 3019 'vel
881 2949 1121 3039 philosophiae
1136 2951 1251 3019 studio

241 3063 409 3152 permoti,
431 3064 591 3135 ,scientes
620 3069 857 3152 permutarunt
885 3072 922 3130 et
949 3063 1075 3150 partim
1096 3066 1252 3131 detorse-

133 3187 144 3210 *
240 3182 331 3242 runt.
359 3161 561 3244 Praeterire
583 3175 692 3258 liceat
710 3176 808 3242 nimis
825 3168 1008 3242 intricatus
1028 3176 1251 3264 quaestiones

242 3283 609 3356 ‹repatriat-choma
622 3291 723 3371 vitia,
746 3309 886 3377 quarum
908 3286 988 3353 anni
1008 3287 1042 3353 in
1062 3287 1251 3372 Hebraico,
1344 3357 1347 3366 ,

241 3397 277 3464 in
305 3398 529 3468 Samaritano
556 3408 656 3469 textu
685 3401 786 3490 inqua
817 3400 1058 3467 Alexandrina
1089 3398 1252 3467 versione

242 3509 370 3578 diversi
390 3520 635 3592 recensentur3
667 3516 709 3580 de
732 3521 793 3582 430
813 3513 934 3594 annis,
958 3535 1042 3600 quos
1064 3509 1251 3578 israelitae

241 3622 500 3690 habitarunt
483 3647 526 3692 en
546 3625 717 3718 Aegypto
738 3605 849 3692 Exod.
865 3624 958 3708 Xll,
974 3625 1038 3707 40,
1060 3621 1116 3688 ubi
1137 3627 1195 3688 καὶ
1184 3631 1252 3692 atr

241 3744 283 3823 γῆ
302 3738 443 3806 Χαναὰν
462 3733 580 3803 LXX
592 3741 734 3818 addunt3
767 3742 809 3806 de
833 3743 873 3806 70
895 3736 1071 3802 animabus
1095 3758 1169 3803 cum
1189 3734 1253 3804 Ja··

227 3846 372 3930 ,coboin
385 3849 584 3936 Aegyptum
593 3843 779 3937 profectis,
801 3871 886 3939 quas
897 3855 954 3915 oto
947 3847 1251 3936 'cannuca
1291 3867 1294 3872 '

240 3955 349 4026 Exod.
366 3957 403 4044 l,
426 3965 445 4026 5
469 3967 525 4040 (et
546 3959 584 4027 S.
607 3962 805 4049 Stephanus
827 3959 1017 4044 Aeavll.)
1042 3963 1199 4052 quiaque
1215 3975 1255 4029 et

147 4128 150 4133 .
240 4064 480 4172 septuaginta
500 4071 654 4157 faciunt,
675 4071 781 4141 Dent.
796 4073 852 4156 X,
874 4080 924 4141 22.
947 4072 1266 4164 septuagenarium
